% This file was created with JabRef 2.8.
% Encoding: UTF8

@Book{benevides2012aed,
  title       = {Advanced Engineering Design - An Integrated Approach},
  publisher   = {Woodhead Publishing},
  year        = {2012},
  author      = {Efrén M. Benavides}
}

@InProceedings{bragason2015parachuterelease,
  author      = {Guðmundur Bragason and Steinar Þorsteinsson and Rútur Ingi Karlsson and Nico Grosse and Joseph Timothy Foley},
  title       = {Heat-Activated Parachute Release System},
  year        = {2015},
  pages       = {131--136},
  crossref    = {icad2015},
  doi         = {10.1016/j.procir.2015.07.061},
  url         = {http://www.sciencedirect.com/science/article/pii/S2212827115008203}
}

@Book{carryer2011IntroMechatronics,
  title       = {Introduction to Mechatronic Design},
  publisher   = {Pearson Education},
  year        = {2011},
  author      = {J. Edward Carryer and R. Matthew Ohline and Thomas W. Kenny}
}

@Article{cochran2016msdd,
  title       = {Use of the Manufacturing System Design Decomposition for Comparative Analysis and Effective Design of Production Systems},
  author      = {David S. Cochran and Joseph T. Foley and Zhuming Bi},
  year        = {2016},
  journal     = {International Journal of Production Research},
  pages       = {24}
}

@Misc{goedegebure2015bigbuckbunny,
  author      = {Sacha Goedegebure and Andy Goralczyk and Enrico Valenza and Nathan Vegdahl and William Reynish and Brecht Van Lommel and Campbell Barton and Jan Morgenstern and Ton Roosendaal},
  title       = {Big Buck Bunny},
  year        = {2008},
  month       = {March},
  day         = {19},
  url         = {http://peach.blender.org}
}

@InProceedings{gerhard2016suretrack,
  author      = {Kristján Gerhard and Joseph Timothy Foley},
  title       = {Redesign of the SureTrack Grader Transfer Bin Using Axiomatic Design},
  pages       = {6},
  crossref    = {icad2016}
}

@InProceedings{guls2016auvlight,
  author      = {Jevgenij Guls and Ólafur Ingi Bjarnason and Óskar Pétursson and Sævar Örn Einarsson and Joseph Timothy Foley},
  title       = {Application of Axiomatic Design in Designing Autonomous Underwater Photography Lighting},
  pages       = {6},
  crossref    = {icad2016}
}

@Misc{hall_virtuousmachines,
  author      = {J. Storrs Hall},
  title       = {The Age of Virtuous Machines},
  publisher   = {Lifeboat Foundation: Safeguarding Humanity Website},
  url         = {http://lifeboat.com/ex/the.age.of.virtuous.machines}
}

@InProceedings{jonsson2015uget,
  author      = {Bergþór Lár Jónsson and Garðar Örn Garðarsson and Óskar Pétursson and Sigurður Bjarki Hlynsson and Joseph Timothy Foley},
  title       = {Ultrasonic Gasoline Evaporation Transducer --- Reduction of Internal Combustion Engine Fuel Consumption Using Axiomatic Design},
  year        = {2015},
  pages       = {168--172},
  crossref    = {icad2015},
  doi         = {10.1016/j.procir.2015.07.061},
  url         = {http://www.sciencedirect.com/science/article/pii/S2212827115008203}
}

@Misc{kreher2005pseudocode,
  author      = {D.L. Kreher and D.R. Stinson},
  title       = {Pseudocode: A LaTeX Style File for Displaying Algorithms},
  year        = {2005},
  url         = {http://mirror.hmc.edu/ctan/macros/latex/contrib/pseudocode/pseudocode.pdf}
}

@Misc{krystek2003moonhoax,
  title       = {The Great Moon Landing Hoax},
  author      = {Lee Krystek},
  year        = {2003},
  publisher   = {The Museum of Unnatural History Website},
  url         = {http://www.unmuseum.org/moonhoax.htm}
}

@InProceedings{omarsdottir2016chessmate,
  author      = {Freyja Yeatman Ómarsdóttir and Róbert Bjarnar Ólafsson and Joseph Timothy Foley},
  title       = {The Axiomatic Design of Chessmate: A Chess-Playing Robot},
  pages       = {6},
  crossref    = {icad2016}
}

@Misc{ramirez2010sharkweek,
  author      = {Richard Ramirez},
  title       = {Shark Week},
  year        = {2010},
  publisher   = {Atomic Gator Wordpress},
  url         = {http://atomicgator.wordpress.com/2010/08/01/shark-week/}
}

@InProceedings{solvason2015spectrometer,
  author      = {Gunnar Óli Sölvason and Joseph Timothy Foley},
  title       = {Low-Cost Spectrometer for Icelandic Chemistry Education},
  year        = {2015},
  pages       = {156--161},
  crossref    = {icad2015},
  doi         = {10.1016/j.procir.2015.07.061},
  url         = {http://www.sciencedirect.com/science/article/pii/S2212827115008203}
}
